@article{vargas2013exploiting,
author = {Vargas, S. and Castells, P.},
year = {2013},
month = {01},
pages = {129-136},
title = {Exploiting the diversity of user preferences for recommendation},
volume = {13},
journal = {OAIR}
}

@book{chapra2011metodos,
  title={M{\'e}todos num{\'e}ricos para ingenieros},
  author={Chapra, Steven C and Canale, Raymond P and Ruiz, Reyna Susana Garc{\'\i}a and Mercado, V{\'\i}ctor Hugo Ibarra and D{\'\i}az, Enrique Mu{\~n}oz and Benites, Guillermo Evangelista},
  volume={5},
  year={2011},
  publisher={McGraw-Hill New York, NY, USA}
}

@inproceedings{bui1999design,
  title={Design and synthesis of an IEEE-754 exponential function},
  author={Bui, H and Tahar, Sofiene},
  booktitle={Engineering Solutions for the Next Millennium. 1999 IEEE Canadian Conference on Electrical and Computer Engineering (Cat. No. 99TH8411)},
  volume={1},
  pages={450--455},
  year={1999},
  organization={IEEE}
}

@online{microsoftIEEE754,
  author       = {Microsoft},
  title        = {IEEE 754 Floating-Point Representation},
  year         = {2023},
  url          = {https://learn.microsoft.com/en-us/dotnet/standard/numerics/ieee-754-floating-point},
  note         = {Accessed: 2025-05-04}
}
